@Article{EGGLI98,
  author =   {Stefan Eggli and
              Markus Pisan and
              Maurice M\"{u}ller},
  title =    {The value of preoperative planning for total hip arthroplasty},
  journal =   {The Journal of Bone {\&} Joint Surgery (Br)},
  year =     {1998},
  volume =   {9},
  pages =    {382--390}
}

@Article{HUANG07,
  author =   {Hh K. Huang and
              Kunio Doi},
  title =    {Computer-aided diagnosis ({CAD}) and image-guided decision support},
  journal =  {Computerized Medical Imaging and Graphics},
  year =     {2007},
  volume =   {31},
  pages =    {195--197}
}

@Article{HARA85,
  author =   {Robert M. Haralick and
							Linda G. Shapiro},
  title =    {Image Segmentation Techniques},
  journal =  {Computer Vision, Graphics, and Image Processing},
  year =     {1985},
  volume =   {29},
  number = {1},
  pages =    {100--132}
}

@Article{PAL93,
  author =   {Nikhil R. Pal and
              Sankar K. Pal},
  title =    {A Review on Image Segmentation Techniques},
  journal =  {Pattern Recognition},
  year =     {1993},
  volume =   {26},
  number = {9},
  pages =    {1277--1294}
}

@Inproceedings{BOUR02,
  author    = {Holger Bourquain and
               Andrea Schenk and
               Florian Link and
               Bernhard Preim and
               Gg Prause and
               Heinz-Otto Peitgen},
  title     = {HepaVision2{-}A software assistant for preoperative
               planning in living-related liver transplantation and
               oncologic liver surgery},
  booktitle = {Proceedings of the 2002 International Conference on Computer Assisted Radiology and Surgery (CARS)},
  year      = {2002},
  pages     = {341--346},
}

@Misc{REF_DICOM,
    howpublished = {DICOM, Digital Imaging and Communications in Medicine},
    type = {web page},
    url = {http://dicom.nema.org/},
    publisher = {Medical Imaging {\&} Technology Alliance},
}

@Misc{REF_ISO838,
    howpublished = {ISO, International Organization for Standardization.},
    type = {web page},
    url = {http://iso.org/},
    publisher = {International Standards for Business, Government and Society},
}

@Misc{REF_NOVA,
    howpublished = {NovaRAD},
    type = {web page},
    url = {http://www.novapacs.com/},
    publisher = {NovaRad Corporation},
}

@inproceedings{TOCKUS98,
    author = {Lana Tockus and
              Leo Joskowicz and
              Ariel Simkin and
              Charles Milgrom},
 title = {Computer-Aided Image-Guided Bone Fracture Surgery: Modeling, Visualization, and Preoperative Planning},
 booktitle = {{MICCAI} '98: Proceedings of the First International Conference on Medical Image Computing and Computer-Assisted Intervention},
 year = {1998},
 isbn = {3-540-65136-5},
 pages = {29--38},
 publisher = {Springer-Verlag},
 address = {Londres, Reino Unido},
 }

@Article{NAKA24,
    author = {Yoshikazu Nakajima and
               Takahito Tashiro  and
               Toshiyuki Okada and
               Yoshinobu Sato and
               Nobuhiko Sugano and
               Mm Saito and
               Kazuo Yonenobu and
               Hideki Yoshikawa and
               Takahiro Ochi and
               Shinichi Tamura},
    booktitle = {CARS 2004 - Computer Assisted Radiology and Surgery. Proceedings of the {$18^th$} International Congress and Exhibition},
    journal = {International Congress Series},
    month = {Junio},
    pages = {620--625},
    posted-at = {2008-01-29 15:15:49},
    priority = {2},
    title = {Computer-assisted fracture reduction of proximal femur using preoperative {CT} data and intraoperative fluoroscopic images},
    volume = {1268},
    year = {2004}
}

@Article{JOSK98,
    author = {Joskowicz L. and
                        Milgrom C. and
                        Simkin A. and
                        Tockus L. and
                        Yaniv Z.},
    journal = {Computer Aided Surgery},
    pages = {271--288},
    issue = {6},
    title = {FRACAS: a System for Computer-Aided Image-Guided Long Bone Fracture Surgery},
    volume = {3},
    year = {1998}
}

@BOOK{UMB05,
   author = {Scott E. Umbaugh},
   title= {Computer Imaging: Digital Image Analysis and Processing},
   publisher = {Taylor \& Francis Editorial},
   year = {2005},
   pages = {121--199}
   }

@BOOK{PAJ01,
   author = {	Gonzalo Pajares and 
   						Jes\'us M. {De La Cruz}},
   title= {Visi\'on por Computador: Im\'agenes digitales y aplicaciones},
   publisher = {Ra-Ma Editorial},
   edition = {2},
   year = {2008},
   pages = {456--457}
   }
   
@BOOK{LEH98,
   author = {	Eric Leo Lehmannand and
   						George Casella},
   title= {Theory of Point Estimation},
   publisher = {Springer},
   year = {1998},
   edition = {2},
   pages = {537--538}
   }
   

@Article{SALT63,
    author = {Robert B. Salter and
							W. Robert Harris},
    journal = {Journal of Bone and Joint Surgery},
    pages = {587--632},
    title = {Injuries involving the epiphyseal plate},
    volume = {45},
    year = {1963}
}

@Article{GUST76,
    author = {Ramon B. Gustilo and
							John T. Anderson},
    journal = {Journal of Bone and Joint Surgery},
    pages = {453--458},
    title = {Prevention of infection in the treatment of one thousand and twenty-five open fractures of long bones: retrospective and prospective analyses},
    volume = {58},
    number = {4},
    year = {1976}
}

@Article{BOH97,
    author = {Bohner P. and
                        Holler C. and
                        Hassfeld S.},
    journal = {Computer Aided Surgery},
    pages = {153--161},
    title = {Operation planning in craniomaxillofacial surgery},
    volume = {2},
    year = {1997}
}

@article{AMIT96,
  author = {Yali Amit and
            Augustine Kong},
  title     = {Graphical template for model registration},
  journal = {IEEE Transactions on Pattern Analysis and Machine Intelligence},
  year      = {1996},
  volume     = {18},
  issue = {3},
	pages = {225--236},
	publisher = {IEEE Computer Society},
	address = {Washington, DC, USA},
}

@article{PIZ98,
    author = {Stephen M. Pizer and 
    					David Eberly and 
    					Bryan S. Morse and 
    					Daniel S. Fritsch},
    journal = {Computer Vision Image Understanding},
    pages = {55--71},
    title = {Zoom invariant vision of figural shape: The mathematics of cores},
    year = {1998}
}

@article{PIZ99,
  author = {Stephen M. Pizer and
            Daniel S. Fritsch and
            Paul A. Yushkevich and
            Valen E. Johnson and
            Edward L. Chaney},
  title     = {Segmentation, registration and measurement of shape variation via image object shape},
  journal  = {IEEE Transactions on Medical Imaging},
  year      = {1999},
  pages = {851--865},
  volume = {18}
}

@article{BRAN99,
  author    = {Gg Brandt and
               Andreas Zimolong and
               Lionel Carrat and
               Philippe Merloz and
               Hh W. Staudte and
               St\'{e}phane Lavall{\'e}e and
               Klaus Radermacher and
               G\"{u}nter Rau},
  title     = {{CRIGOS}: a compact robot for image-guided orthopedic surgery},
  journal   = {IEEE Transactions on Information Technology in Biomedicine},
    month = {Junio},
  volume    = {3},
  number    = {4},
  year      = {1999},
  pages     = {252-260},
  bibsource = {DBLP, http://dblp.uni-trier.de}
}

@Article{LANG98,
  author =   {Frank Langlotz and
              Richard B{\"a}chler and
              Ulrich Berlemann and
              Lutz-Peter Nolte and
              Reinhold Ganz},
  title =    {Computer assistance for pelvic osteotomies},
  journal = {Clinical orthopaedics and related research},
  year =     {1998},
  volume =   {354},
  pages =    {92--102}
}

@Article{RADE98,
  author =   {Klaus Radermacher and
              Frank Portheine and
              Mm Anton and
              Andreas Zimolong and
              Gg Kaspers and
              G\"{u}nter Rau and
              Hh W. Staudte},
  title =    {Computer assisted orthopaedic surgery with image based individual templates},
  journal = {Clinical orthopaedics and related research},
  month = {Septiembre},
  year =     {1998},
  number =  {354},
  pages =    {28--38}
}

@Article{MART00,
  author =   {Mm Martelli and
              Maurilio Marcacci and
              Laura Nofrini and
              Ff La Palombara and
              Aa Malvisi and
              Francesco Iacono and
              Paolo Vendruscolo and
              M. Pierantoni },
  title =    {Computer and Robot Assisted Total Knee Replacement: Analysis of a New Surgical Procedure},
  journal = {Annals of Biomedical Engineering},
  month = {Septiembre},
  year =     {2000},
  number =   {9},
  volume = {28},
  pages =    {1146--1153}
}

@Article{DIGI98,
  author =   {DiGioia M. and
                        Jaramaz B. and
                        Blackwell M. and
                        Simon D.A. and
                        Morgan F. and
                        Moody J.E. and
                        Nikou C. and
                        Colgan B.D. and
                        Aston C.A. and
                        Labarca R.S. and
                        Kischell E. and
                        Kanade T.},
  title =    {Image guided navigation system to measure intraoperatively acetabular implant alignment},
  journal = {Clinical orthopaedics and related research},
  year =     {1998},
  volume = {355},
  pages =    {8--22}
}

@Article{OTOO95,
  author =   {O{'}Toole R.V. and
                        Jaramaz B. and
                        Di Gioia A.M. and
                        Visnic C.D. and
                        Reid R.H.},
  title =    {Biomechanics For Preoperative Planning And Surgical Simulations In Orthopaedics},
  journal = {Computers in Biology and Medicine},
  year =     {1995},
  volume = {25},
  number = {1},
  pages =    {183--191}
}

@article{BENE03,
  author    = {Maria G. Benedetti and
               Ee Montanari and
               Fabio Catani and
               Gg Vicenzi and
               Alberto Leardini},
  title     = {Pre-operative planning and gait analysis of total hip replacement following hip fusion},
  journal   = {Computer Methods and Programs in Biomedicine},
  volume    = {70},
  number    = {3},
  year      = {2003},
  pages     = {215-221},
  ee        = {http://dx.doi.org/10.1016/S0169-2607(02)00024-X},
  bibsource = {DBLP, http://dblp.uni-trier.de}
}

@article{BLYT06,
  author    = {	Philip Blyth and
								Iain A. Anderson and
                N. Susan Stott},
  title     = {Virtual reality simulators in orthopedic surgery : What do the surgeons think?},
  journal   = {The Journal of surgical research},
  volume    = {131},
  number    = {1},
  year      = {2006},
  pages     = {133--137},
}

@inproceedings{MORT95,
    author = {Ee N. Mortensen and
              Ww A. Barrett},
 title = {Intelligent scissors for image composition},
 booktitle = {SIGGRAPH '95: Proceedings of the 22nd annual conference on Computer graphics and interactive techniques},
 year = {1995},
 pages = {191--198},
 publisher = {ACM},
 address = {New York, NY, USA},
 }

@Article{DOI07,
  author    = {Kunio Doi},
  title     = {Computer-aided diagnosis in medical imaging: Historical review, current status and future potential},
  journal   = {Computerized Medical Imaging and Graphics},
  volume    = {31},
    number = {4--5},
  year      = {2007},
  pages     = {198--211},
}

@Book{SCHA98,
  author =   {Joseph Schatzker},
  title =    {Tratamiento Quir\'{u}rgico de las fracturas},
  publisher =    {Panamericana},
  year =     {1998},
  address =  {Buenos Aires, Argentina}
}

@Book{MULL90,
  author =   {Maurice E. M\"{u}ller and
                        Serge Nazarian and
                        Peter Koch and
                        Joseph Schatzker},
  title =    {The comprehensive classification of fractures of long bones},
  publisher =    {Springer-Verlag},
  year =     {1990},
  address =  {Berl\'{i}n, Alemania},
  pages =    {140--141}
}

@TechReport{GIGE00,
  author =   {Maryellen L. Giger},
  title =    {Computer-aided Diagnosis in Medical Imaging - {A} New Era in Image Interpretation},
  institution =  {The College University of Chicago},
  year =     {2000},
  address =  {Chicago},
  month =    {Enero}
}

@TechReport{RAM09,
  author =   {Esmitt Ram\'{i}rez},
  title =    {Planificaci\'{o}n Preoperatoria Digital en Traumatolog\'{i}a},
  institution =  {Universidad Central de Venezuela},
  year =     {2009},
  address =  {Caracas},
  number = {2009-7},
  month =    {Abril}
}

@article{PHAM00,
author = {Pham, Dzung L. and Xu, Chenyang and Prince, Jerry L.},
title = {Current Methods In Medical Image Segmentation},
journal = {Annual Review of Biomedical Engineering},
volume = {2},
number = {1},
pages = {315-337},
year = {2000}
}

@Book{RUEDI03,
  author =   {Thomas P. R\"{u}edi and
							William M. Murphy},
  title =    {Principios de la {AO} en el tratamiento de las Fracturas},
  publisher =    {Masson},
  year =     2003,
   pages     = {866--868},
  address =  {Barcelona, Espa\~{n}a}
}

@Book{STAN07,
  author =   {James P. Stannard and
							Andrew H. Schmidt and
              Philip J. Kregor},
  title =    {Surgical Treatment of Orthopaedic Trauma},
  publisher =    {Thieme Medical Publishers, Inc.},
  year =     {2007},
   pages     = {343--345},
}


@MISC{website:navarro,
      AUTHOR = {Tamara Navarro},
      TITLE = {Generalidades de la valoraci\'on Fisioterapica y Ortop\'edica},
      url = {http://www.efisioterapia.net/articulos/accesible.php?id=267}
}

@Book{HOLD02,
  author =   {Holdsworth B.},
  title =    {Planning in fracture surgery},
  publisher =    {Bunker TD},
  year =     2002,
  address =  {Londres, UK}
}

@Book{MAST89,
  author =   {Mast J. and
                      Jakob R. and
                      Ganz R},
  title =    {Planning and Reduction Technique in Fracture Surgery},
  publisher =    {Springer-Verlag},
  year =     1989,
  address =  {Berl\'{i}n, Alemania}
}

@MISC{website:ruedi,
      AUTHOR = {Thomas P. R\"{u}edi and
                        Richard E. Buckleyand and
                        Christopher G. Moran},
      TITLE = {{AO} Principles of Fracture Management},
            publisher = {AO Foundation Publishing},
      url = {http://www.aopublishing.org/}
}

@INPROCEEDINGS{TIAN03,
    author = {Tai-Peng Tian and Ying Chen and Wee Kheng Leow and Wynne Hsu and Tet Sen Howe and Meng Ai Png},
    title = {Computing Neck-Shaft Angle of Femur for {X}-Ray Fracture Detection},
    booktitle = {Proceedings International Conference on Computer Analysis of Images and Patterns},
    year = {2003},
    pages = {82--89},
    publisher = {Springer}
}

@article{CANNY86,
 author = {John Canny},
 title = {A computational approach to edge detection},
 journal = {IEEE Transactions on Pattern Analysis and Machine Intelligence},
 volume = {8},
 number = {6},
 year = {1986},
 issn = {0162-8828},
 pages = {679--698},
 publisher = {IEEE Computer Society},
 address = {Washington, DC, USA},
 }


@article{MEH04,
 author = { Armand M. and
                        Lepisto J. V. S. and
                        Merkle A. C. and
                        Tallroth K. and
                        Xiaofeng L. and
                        Taylor R. H.
                        Wenz J.
                        },
 title = {Computer-aided orthopedic surgery with near-real-time biomechanical feedback},
 journal = {Johns Hopkins APL technical digest},
 volume = {25},
 number = {3},
 year = {2004},
 issn = {0270-5214},
 pages = {242--252},
 publisher = {Johns Hopkins University Applied Physics Laboratory},

 }


@article{CIT07,
 author = {Citak, M. and Board, T. N. and Sun, Y. and Look, V. and Krettek, C. and H\"{u}fner, T. and Kendoff, D.},
 title = {Reference marker stability in computer aided orthopedic surgery: A biomechanical study in artificial bone and cadavers},
 journal = {Technol. Health Care},
 volume = {15},
 number = {6},
 year = {2007},
 issn = {0928-7329},
 pages = {407--414},
 publisher = {IOS Press},
 address = {Amsterdam, The Netherlands, The Netherlands},
 }


@article{DUDA72,
 author = {Richard O. Duda and
           Peter E. Hart},
 title = {Use of the Hough transformation to detect lines and curves in pictures},
 journal = {Communications of the ACM},
 volume = {15},
 number = {1},
 year = {1972},
 issn = {0001-0782},
 pages = {11--15},
 doi = {http://doi.acm.org/10.1145/361237.361242},
 publisher = {ACM},
 address = {New York, NY, USA},
 }

@article{KASS88,
    author = {Michael Kass and
              Andrew Witkin and
              Demetri Terzopoulos},
    citeulike-article-id = {893626},
    journal = {International Journal of Computer Vision},
    keywords = {active-contours},
    month = {Enero},
    number = {4},
    pages = {321--331},
    posted-at = {2007-11-01 16:04:40},
    priority = {2},
    title = {Snakes: Active contour models},
    volume = {1},
    year = {1988}
}

@article{TER87,
    author = {Demetri Terzopoulos and
              John Platt and
              Alan Barr and
              Kurt Fleischer},
    journal = {Computer Graphics},
    number = {4},
    title = {Elastically deformable models},
    pages = {205--214},
    volume = {21},
    year = {1987}
}

@article{TER88,
    author = {Demetri Terzopoulos and
              Andrew Witkin and
              Michael Kass},
    journal = {Artificial Intelligence},
    title = {Constraints on deformable models: recovering {3D} shape and nonrigid motion},
    pages = {91--123},
    volume = {36},
    year = {1988}
}

@article {YUI92,
    author = {Alan L. Yuille and
              Peter W. Hallinan and
              David S. Cohen},
    journal = {International Journal of Computer Vision},
    title = {Feature extraction from faces using deformable templates},
    pages = {99--111},
    volume = {8},
    year = {1992}
}

@inproceedings{COOT94,
 author = {Cootes, Timothy F. and 
 					 Hill, A. and 
 					 Taylor, Christopher J. and 
 					 Haslam, J.},
 title = {Use of Active Shape Models for Locating Structures in Medical Images},
 booktitle = {Proceedings of the 13th International Conference on Information Processing in Medical Imaging},
 series = {IPMI '93},
 year = {1993},
 isbn = {3-540-56800-X},
 pages = {33--47},
 numpages = {15},
 acmid = {660403},
 publisher = {Springer-Verlag},
 address = {London, UK},
} 

@article{YAP04,
    author = {Dennis Wen-Hsiang Yap and
              Ying Chen and
              Wee Kheng Leow and
              Tet Sen Howe and
              Meng Ai Png},
    title = {Detecting Femur Fractures by Texture Analysis of Trabeculae},
    journal ={International Conference on Pattern Recognition},
    volume = {3},
    year = {2004},
    issn = {1051-4651},
    pages = {730--733},
    publisher = {IEEE Computer Society},
    address = {Los Alamitos, CA, USA},
}

@INPROCEEDINGS{LIM04,
    author = {Sher Ee Lim and
              Yage Xing and
              Ying Chen and
              Wee Kheng Leow and
              Tet Sen Howe and
              Meng Ai Png},
    title = {Detection of femur and radius fractures in {X}-ray images},
    booktitle = {Proceedings on 2nd International Conference on Advances in Medical Signal and Information Processing},
    year = {2004}
}

@article{AKDE05,
 author = {	Akdeniz, Rafet and 
 						Yarman, Siddik},
 title = {A novel method to represent speech signals},
 journal = {Signal Processing},
 volume = {85},
 issue = {1},
 month = {Enero},
 year = {2005},
 issn = {0165-1684},
 pages = {37--50},
 numpages = {14},
 acmid = {1062157},
 publisher = {Elsevier North-Holland, Inc.},
 address = {Amsterdam, The Netherlands, The Netherlands},
 keywords = {signal representation, speech coding, speech modeling},
} 


@inproceedings{SU99,
    author = {Darryl Davis and
							Su Linying and
							Bernadette Sharp},
    title = {Neural Networks for {X}-ray image segmentation},
    month = {Marzo},
    year = {1999},
    pages = {264-271},
    keywords = {Neural Network, Image processing},
    publication_type = {inproceedings},
    submission_id = {25298_1134052594},
    other_year = {1999},
    ISBN = {972-98050-0-8},
    booktitle = {Proceedings of the First International Conference on Enterprise Information System},
    address = {Setubal, Portugal},
}

@article{MIHA01,
 author = {Mihalko, W. M. and
                    Kenneth, A. K.},
 title = {Preoperative Planning for Lower Extremity Osteotomies},
 journal = {The Journal of Arthroplasty},
 volume = {16},
 number = {3},
 year = {2001},
 pages = {322--329},
 publisher = {Elsevier North-Holland, Inc.},
 address = {Amsterdam, Holanda},
 }

@article{VICE03,
 author = {Viceconti, M. and
                     Lattanzi, R. and
                     Antonietti, B. and
                     Paderni, S. and
                     Olmi, R. and
                     Sudanese, A. and
                     Toni, A},
 title = {{CT}-based surgical planning software improves the accuracy of total hip replacement preoperative planning},
 journal = {Medical Engineering \& Physics},
 volume = {25},
    publisher = {Elsevier Science, Oxford, ROYAUME-UNI},
 number = {5},
 year = {2003},
 pages = {371--377},
 }

 @article{INCH00,
 author = {Inchingolo P.},
 title = {Picture Archiving and Communications Systems in Today's Healthcare},
 journal = {The World Medical Journal},
 year = {2000},
 pages = {93--97},
 }

@Book{WEBS06,
  author =   {Webster John G.},
  title =    {Encyclopedia of Medical Devices and Instrumentation},
  publisher = {John Wiley \& Sons, Inc.},
  edition = {2},
  volume = {6},
  year =     2006,
  address =  {New Jersey, USA}
}

@inproceedings{BEIER92,
 author = {Thaddeus Beier and
					 Shawn Neely},
 title = {Feature-based image metamorphosis},
 booktitle = {SIGGRAPH '92: Proceedings of the 19th annual conference on Computer graphics and interactive techniques},
 year = {1992},
 isbn = {0-89791-479-1},
 pages = {35--42},
 doi = {http://doi.acm.org/10.1145/133994.134003},
 publisher = {ACM},
 address = {New York, NY, USA},
 }

@inproceedings{BIRK03,
 author = {Hermann Birkholz and
					 Dietmar Jack\`{e}l},
 title = {Image warping with feature curves},
 booktitle = {SCCG '03: Proceedings of the 19th Spring Conference on Computer Graphics},
 year = {2003},
 isbn = {1-58113-861-X},
 pages = {199--202},
 location = {Budmerice, Slovakia},
 doi = {http://doi.acm.org/10.1145/984952.984985},
 publisher = {ACM},
 address = {NY, USA},
}

@Book{MEH02,
  author =   {Amit Mehta},
  title =    {The Internet for Radiology Practice},
  publisher = {Springer-Verlag},
  edition = {1},
  year =     {2002},
}

@ARTICLE{ZITO03,
    author = {Barbara Zitov\'{a} and
              Jan Flusser},
    title = {Image registration methods: a survey},
    journal = {Image and Vision Computing},
    year = {2003},
    volume = {21},
    pages = {977--1000}
}


%%%%%%%%%%%%%%%%%%%%%%%%%%%%%%%%%%%%%%%%%%%%%%%%%%%%%%%%%%%%%%%%%%%%
%%%%%%%%%%%%%%%%%%%%%%%%%%%%%%%%%%%%%%%%%%%%%%%%%%%%%%%%%%%%%%%%%%%%
%%%%%%%%%%%%%%%%%%%%%%%%%%%%%%%%%%%%%%%%%%%%%%%%%%%%%%%%%%%%%%%%%%%%
    %las que estaban aqui, las dejo aqui

@Inproceedings{Cook1971,
  author =   {S. Cook},
  title =    {The complexity of theorem-proving procedures},
  booktitle =    {Proceedings of the 3rd ACM Symposium on Theory of Computing},
  pages =    {151--158},
  year =     1971,
  address =  {Shaker Heights, Ohio}
}


@Book{Garey1979,
  author =   {M. R. Garey and D. S. Johnson},
  title =    {Computers and Intractability: A Guide to the Theory of
{\rm NP}-Completeness},
  publisher =    {W. H. Freeman},
  year =     1979,
  address =  {San Francisco}
}

@Inproceedings{Karp1972,
  author =   {R. Karp},
  title =    {Reducibility among combinatorial problems},
  booktitle =    {Complexity of Computer Computations},
  pages =    {85--103},
  publisher =    {Plenum Press},
  year =     1972,
  editor =   {R. Miller and J. Thatcher},
  address =  {New York}
}

@Book{Kearfott1996,
  author =   {R. B. Kearfott and V. Kreinovich (eds.)},
  title =    {Applications of Interval Computations},
  publisher =    {Kluwer Academic Publishers},
  year =     1996,
  address =  {Norwell, MA}
}

@Article{Kreinovich1993,
  author =   {V. Kreinovich and A. V. Lakeyev and S. I. Noskov},
  title =    {Optimal solution of interval linear systems is intractable ({NP}-hard)},
  journal =      {Interval Computations},
  year =     {1993},
  volume =   {1},
  pages =    {6--14}
}


@Inproceedings{Kreinovich1996a,
  author =   {V. Kreinovich and A. V. Lakeyev and J. Rohn},
  title =    {Computational complexity of interval algebraic problems:
                  some are feasible and some are computationally intractable: a survey},
  booktitle =    {Scientific Computing and Validated Numberics},
  pages =    {293--306},
  year =     1996,
  editor =   {G. Alefeld and A. Frommer},
  publisher =    {Akademie-Verlag},
  address =  {Berlin}
}

@Book{Kreinovich1996b,
  author =   {V. Kreinovich and A. V. Lakeyev and J. Rohn and P. Kahl},
  title =    {Feasible? Intractable? On Computational Complexity of Data Processing},
  publisher =    {Kluwer Academic Publishers},
  year =     1996,
  address =  {Norwell, MA},
  note =     {(to appear)}
}

@Book{Kulisch1981,
  author =   {U. Kulisch and W. L. Miranker},
  title =    {Computer Arithmetic in Theory and Practice},
  publisher =    {Academic Press},
  year =     1981,
  address =  {NY}
}

@Article{Lakeyev1995,
  author =   {A. V. Lakeyev and V. Kreinovich},
  title =    {If input intervals are small enough, then interval computations
                  are almost always easy},
  journal =      {Reliable Computing,
                  {\rm Supplement (Extended Abstracts of APIC'95:
                   International Workshop on Applications of Interval
                   Computations)}},
  year =     1995,
  pages =    {134--139}
}

@Article{Levin1973,
  author =   {L. Levin},
  title =    {Universal sequential search problems},
  journal =      {Problems of Information Transmission},
  year =     1973,
  volume =   9,
  number =   3,
  pages =    {265--266}
}

@TechReport{Moore1959,
  author =   {R. E. Moore},
  title =    {Automatic error analysis in digital computation},
  institution =  {Lockheed Missiles and Space Co.},
  year =     1959,
  number =   {LMSD-48421},
  address =  {Palo Alto, CA},
  month =    {Enero}
}

@Book{Moore1966,
  author =   {R. E. Moore},
  title =    {Interval Analysis},
  publisher =    {Prentice Hall},
  year =     1966,
  address =  {Englewood Cliffs, NJ}
}

@Book{Neumaier1990,
  author =   {A. Neumaier},
  title =    {Interval Methods for Systems of Equations},
  publisher =    {Cambridge University Press},
  year =     1990,
  address =  {Cambridge}
}

@Book{Rabinovich1995,
  author =   {S. G. Rabinovich},
  title =    {Measurement Errors: Theory and Practice},
  publisher =    {American Institute of Physics},
  year =     1995,
  address =  {NY}
}

@Book{Hollins01,
  author =   {Martin Hollins},
  title =    {Medical physics},
  publisher =    {Nelson Thornes},
  year =     2001,
  edition =    2,
  pages =    {125--138}
}

@Article{SQUIRE69,
  author =   {Lucy Frank Squire},
  title =    {Perception related to learning radiology in medical school},
  journal =  {Radiologic 	Clinics of North America},
  year =     1969,
  volume =   7,
  number =   3,
  pages =    {485--497}
}

@book{UZE06,
  author =   {Alina Uzelac and Ryan W. Davis},
  title =    {Blueprints radiology},
  publisher = {Lippincott Williams \& Wilkins},
  year =     {2006},
  edition = {2},
  pages =    {83}
}

@book{BROW03,
  author =   {Bruce D. Browner},
  title =    {Skeletal Trauma: basic science, management, and reconstruction},
  publisher = {Saunders},
  year =     2006,
  edition = 3,
  volume = 1,
  pages =   {1886-1888}
}

@book{MORO99,
  author =   {J.A. de Pedro Moro and A.J. P\'{e}rez Caballer},
  title =    {Cirug\'{i}a Ortop\'{e}dica y Traumatolog\'{i}a: Fracturas},
  publisher = {Editorial M\'edica Panamericana},
  year =     1999,
  pages =   {525-535}
}

@inproceedings{RAM10,
    author = {Esmitt Ram\'{i}rez and 
    					Ernesto Coto},
 title = {Digital preoperative planning for long-bone fractures},
 booktitle = {Modelos Computacionales en Ingenier\'{i}a: Desarrollos Novedosos y Aplicaciones},
 year = {2010},
 pages = {TC 1-6},
 publisher = {Sociedad Venezolana de M\'{e}todos Num\'{e}ricos en Ingenier\'{i}a},
 address = {Caracas, Venezuela},
 }

@book{KOV02,
  author =   {Kenneth J. Koval and Joseph D. Zuckerman},
  title =    {Fracturas y Luxaciones},
  publisher = {Marb\'{a}n Libros},
    edition = {2},
  year =     2003
}

@inproceedings{NAT02,
title = {Census of Fatal Occupational Injuries in 2001},
booktitle = {National Institute for Occupational Safety and Health},
number = {USDL 02-541},
 address = {Washington, USA},
  year =     {2002}
  }
  
@book{DIS05,
  author =   {Springhouse},
  title =    {Professional Guide to Diseases},
	publisher = {8va. ed., Lippincott Williams \& Wilkins},
  year =     {2005}
}

@book{GOMES98,
 author = {Gomes, Jonas and Darsa, Lucia and Costa, Bruno and Velho, Luiz},
 title = {Warping and morphing of graphical objects},
 year = {1998},
 isbn = {1-55860-464-2},
 publisher = {Morgan Kaufmann Publishers Inc.},
 address = {San Francisco, CA, USA},
 }

@article{RUPE95,
 author = {	Detlef Ruprecht and 
 						M\"{u}ller, Heinrich},
 title = {Image Warping with Scattered Data Interpolation},
 journal = {IEEE Computer Graphics and Applications},
 volume = {15},
 number = {2},
 year = {1995},
 issn = {0272-1716},
 pages = {37--43},
 publisher = {IEEE Computer Society Press},
 address = {Los Alamitos, CA, USA},
 }

@inproceedings{KOBB03,
 author = {	Tao Ju and
						Joe Warren and 
						Gregor Eichele and 
						Christina Thaller and 
						Wah Chiu and 
						James Carson},
 title = {A geometric database for gene expression data},
 booktitle = {Proceedings of the 2003 Eurographics/ACM SIGGRAPH symposium on Geometry processing},
 series = {SGP '03},
 year = {2003},
 isbn = {1-58113-687-0},
 location = {Aachen, Germany},
 pages = {166--176},
 numpages = {11},
 acmid = {882393},
 publisher = {Eurographics Association},
 address = {Aire-la-Ville, Suiza},
} 

@ARTICLE{WANG08,
     author = {	Yu-Shuen Wang and
     						Chiew-Lan Tai and
     						Olga Sorkine and 
     						Tong-Yee Lee},
     title = {Optimized Scale-and-Stretch for Image Resizing},
     journal = {ACM Transactions on Graphics (Proceedings of ACM SIGGRAPH Asia 2008) },
     year = {2008},
     volume = {27},
     number = {5},
  }
  
 @inproceedings{SEDE86,
 author = {Thomas W. Sederberg and Scott R. Parry},
 title = {Free-form deformation of solid geometric models},
 booktitle = {SIGGRAPH '86: Proceedings of the 13st annual conference on Computer graphics and interactive techniques},
 volume = {20},
 number = {4},
 year = {1986},
 issn = {0097-8930},
 pages = {151--160},
 doi = {http://doi.acm.org/10.1145/15886.15903},
 publisher = {ACM},
 address = {New York, NY, USA},
 }

@inproceedings{LEES95,
 author = {Lee, Seung-Yong and Chwa, Kyung-Yong and Shin, Sung Yong},
 title = {Image metamorphosis using snakes and free-form deformations},
 booktitle = {SIGGRAPH '95: Proceedings of the 22nd annual conference on Computer graphics and interactive techniques},
 year = {1995},
 isbn = {0-89791-701-4},
 pages = {439--448},
 doi = {http://doi.acm.org/10.1145/218380.218501},
 publisher = {ACM},
 address = {New York, NY, USA},
 }

@article{Book89,
    abstract = {The decomposition of deformations by principal warps is demonstrated. The method is extended to deal with curving edges between landmarks. This formulation is related to other applications of splines current in computer vision. How they might aid in the extraction of features for analysis, comparison, and diagnosis of biological and medical images in indicated},
    author = {Fred L. Bookstein},
    citeulike-article-id = {809579},
    citeulike-linkout-0 = {http://ieeexplore.ieee.org/xpls/abs\_all.jsp?arnumber=24792},
    journal = {Pattern Analysis and Machine Intelligence, IEEE Transactions on},
    keywords = {matching},
    number = {6},
    pages = {567--585},
    posted-at = {2007-11-27 19:46:02},
    priority = {2},
    title = {Principal warps: thin-plate splines and the decomposition of deformations},
    url = {http://ieeexplore.ieee.org/xpls/abs\_all.jsp?arnumber=24792},
    volume = {11},
    year = {1989}
}

@inproceedings{ALEXA00,
 author = {Alexa, Marc and Cohen-Or, Daniel and Levin, David},
 title = {As-rigid-as-possible shape interpolation},
 booktitle = {SIGGRAPH '00: Proceedings of the 27th annual conference on Computer graphics and interactive techniques},
 year = {2000},
 isbn = {1-58113-208-5},
 pages = {157--164},
 doi = {http://doi.acm.org/10.1145/344779.344859},
 publisher = {ACM Press/Addison-Wesley Publishing Co.},
 address = {New York, NY, USA},
 }

@inproceedings{IGAR05,
 author = {Takeo Igarashi and Tomer Moscovich and John F. Hughes},
 title = {As-rigid-as-possible shape manipulation},
 booktitle = {SIGGRAPH '05: Proceedings of the 29th annual conference on Computer graphics and interactive techniques },
 year = {2005},
 pages = {1134--1141},
 location = {Los Angeles, California},
 doi = {http://doi.acm.org/10.1145/1186822.1073323},
 publisher = {ACM},
 address = {New York, NY, USA},
 }

@inproceedings{SCHAF06,
 author = {Schaefer, Scott and McPhail, Travis and Warren, Joe},
 title = {Image deformation using moving least squares},
 booktitle = {SIGGRAPH '06: Proceedings of the 30th annual conference on Computer graphics and interactive techniques},
 year = {2006},
 isbn = {1-59593-364-6},
 pages = {533--540},
 location = {Boston, Massachusetts},
 doi = {http://doi.acm.org/10.1145/1179352.1141920},
 publisher = {ACM},
 address = {New York, NY, USA},
 }
 
 @article{LEV98,
    author = {Levin, David},
    citeulike-article-id = {4001303},
    journal = {Mathematics of Computation},
    keywords = {metamodel, moving\_least\_squares\_method},
    pages = {1517--1531},
    posted-at = {2009-02-03 16:01:33},
    priority = {2},
    title = {The Approximation Power of Moving Least-Squares},
    volume = {67},
    year = {1998}
}

@article{SEDER86,
 author = {Thomas W. Sederberg and Scott R. Parry},
 title = {Free-form deformation of solid geometric models},
 journal = {SIGGRAPH Computer Graphics},
 volume = {20},
 number = {4},
 year = {1986},
 issn = {0097-8930},
 pages = {151--160},
 doi = {http://doi.acm.org/10.1145/15886.15903},
 publisher = {ACM},
 address = {New York, NY, USA},
 }

@MISC{LEE96,
    author = {Seung-yong Lee and Kyung-yong Chwa and James Hahn and Sung Yong Shin},
    title = {Image Morphing Using Deformation Techniques},
    year = {1996}
}

@article{WENG06,
 author = {Yanlin Weng and 
 					 Weiwei Xu and 
 					 Yanchen Wu and 
 					 Kun Zhou and 
 					 Baining Guo},
 title = {{2D} shape deformation using nonlinear least squares optimization},
 journal = {The Visual Computer},
 volume = {22},
 number = {9},
 year = {2006},
 issn = {0178-2789},
 pages = {653--660},
 doi = {http://dx.doi.org/10.1007/s00371-006-0054-y},
 publisher = {Springer-Verlag New York, Inc.},
 address = {Secaucus, NJ, USA},
 }

@inproceedings{LEW00,
 author = {John P. Lewis and Matt Cordner and Nickson Fong},
 title = {Pose space deformation: a unified approach to shape interpolation and skeleton-driven deformation},
 booktitle = {SIGGRAPH '00: Proceedings of the 27th annual conference on Computer graphics and interactive techniques},
 year = {2000},
 isbn = {1-58113-208-5},
 pages = {165--172},
 doi = {http://doi.acm.org/10.1145/344779.344862},
 publisher = {ACM Press/Addison-Wesley Publishing Co.},
 address = {New York, NY, USA}
 }
 
 @article{HINS01,
    abstract = {{{Image guided surgery is a fast developing new technology, integrating
modern computer technology into surgery. A variety of orthopaedic applications have already been described. Their cost}benefit, patient and staff acceptance are subjects of ongoing research. To optimize the surgical performance and the outcomes, navigation
and robotic systems should be complementary to the surgeon's skill, forming a 'man}machine partnership'. This article describes different navigation systems and common applications in computer-assisted orthopaedic surgery.},
    author = {Hinsche, A. F. and Smith},
    citeulike-article-id = {1270353},
    journal = {Current Orthopaedics},
    keywords = {caos, image\_guided\_surgery},
    number = {15},
    pages = {296--303},
    posted-at = {2007-05-01 17:04:59},
    priority = {0},
    title = {Image-guided surgery},
    year = {2001}
}

@inproceedings{KOZIC09,
 author = {Kozic, Nina and Ballester, Miguel \'{A}. Gonz\'{a}lez and B\"{u}chler, Philippe and Reimers, Nils and Nolte, Lutz P. and Linguraru, Marius G. and Reyes, Mauricio},
 title = {Population-specific evaluation of implant bone fitting using {PCA} shape space and level sets},
 booktitle = {ISBI'09: Proceedings of the Sixth IEEE international conference on Symposium on Biomedical Imaging},
 year = {2009},
 isbn = {978-1-4244-3931-7},
 pages = {883--886},
 location = {Boston, Massachusetts, USA},
 publisher = {IEEE Press},
 address = {Piscataway, NJ, USA}
 }

@article{FRIED08,
title={The use of computer-assisted orthopedic surgery for total knee replacement in daily practice: a survey among {ESSKA/SGO-SSO} members.},
author={Friederich, N. and Verdonk, R.},
volume={16},
issue={6},
pages={536--543},
journal={Knee Surgery Sports Traumatology Arthroscopy},
month={Marzo},
year={2008},
}

@article{OLLE06,
 author = {Oll\'{e}, Kriszti\'{a}n and Erd\"{o}helyi, Bal\'{a}zs and Kuba, Attila and Halmai, Csongor and Varga, Endre},
 title = {{MedEdit}: a computer assisted image processing and navigation system for orthopedic trauma surgery},
 journal = {Acta Cybernetica},
 volume = {17},
 number = {3},
 year = {2006},
 issn = {0324-721X},
 pages = {589--603},
 publisher = {Acta Cybernetica},
 address = {Szeged, Hungary, Hungary}
 }
 
@Article{KORN03,
AUTHOR = {Jan Korner and 
					Helmut Lill and 
					Lars Peter M\"{u}ller and 
					Pol Maria Rommens and 
					Erich Schneider and 
					Berend Linke},
TITLE = {The {LCP}-concept in the operative treatment of distal humerus fractures--biological, biomechanical and surgical aspects.},
JOURNAL = {Injury},
VOLUME = {34},
issue={2},
YEAR = {2003},
PAGES = {B20-30},
PubMedID = {14580983},
ISSN = {0020-1383},
}

@INPROCEEDINGS{SAGBO051,
author={Sagbo, S. and Marti, G. and Di Venuto, C. and Vangenot, C. and Nolte, L.P. and Zheng, G.},
booktitle={Proceedings of the 27th Annual International Conference of the Engineering in Medicine and Biology Society, IEEE-EMBS 2005}, 
title={Design and implementation of deformation algorithms for computer assisted orthopedic surgery: application to virtual implant database and preliminary results},
year={2005},
volume={7},
pages={6946--6949},
}

@Article{SAGBO052,
AUTHOR = {Sagbo, S and Blochaou, F and Langlotz, F and Vangenot, C and Nolte, Lp and Zheng, G},
TITLE = {A semi-automatic orthopedic implant management tool for Computer Assisted planning, navigation and simulation: from {XML} implant database to unified implant access interface},
JOURNAL = {Conf Proc IEEE Eng Med Biol Soc},
VOLUME = {1},
YEAR = {2005},
	NUMBER = {1},
PAGES = {890-893},
URL = {http://www.biomedsearch.com/nih/semi-automatic-orthopedic-implant-management/17282327.html},
PubMedID = {17282327},
ISSN = {1557-170X},
}

@article{JUN92,
 author = {Yongtae Jun and Kuiwoon Choi},
 title = {Design of patient-specific hip implants based on the {3D} geometry of the human femur},
 journal = {Advances in Engineering Software},
 volume = {41},
 number = {4},
 year = {2010},
 issn = {0965-9978},
 pages = {537--547},
 doi = {http://dx.doi.org/10.1016/j.advengsoft.2009.10.016},
 publisher = {Elsevier Science Ltd.},
 address = {Oxford, UK, UK},
 }


@article{LIN93,
 author = {L. Linclau and G. Dokter P. and P. Peene},
 title = {Radiological aspects in preoperative planning and postoperative assessment of cementless total hip arthroplasty},
 journal = {Acta Orthopaedica Belgica},
 volume = {59},
 number = {2},
 year = {1993},
 pages = {163--167}
 }
 
 @inproceedings{YUSOF09,
 author = {Yusof, Siti Fairuz and Sulaiman, Riza and Thian Seng, Lee and Mohd. Kassim, Abdul Yazid and Abdullah, Suhail and Yusof, Shahril and Omar, Masbah and Abdul Hamid, Hamzaini},
 title = {Development of Total Knee Replacement Digital Templating Software},
 booktitle = {IVIC 09: Proceedings of the 1st International Visual Informatics Conference on Visual Informatics: Bridging Research and Practice},
 year = {2009},
 isbn = {978-3-642-05035-0},
 pages = {180--190},
 location = {Kuala Lumpur, Malaysia},
 doi = {http://dx.doi.org/10.1007/978-3-642-05036-7_18},
 publisher = {Springer-Verlag},
 address = {Berlin, Heidelberg},
 }

@article{MILA10,
 author = { Monika Michal\'{i}kov\'{a} and 
 						Lucia Bednarcikova and 
 						Martin Petrik and
 						Jozef Zivcak and
 						Richard Rasi},
 title = {The Digital PreOperative Planning of Total Hip Arthroplasty},
 journal = {Acta Polytechnica Hungarica},
 volume = {7},
 number = {3},
 year = {2010}
 }
 
 @article {JAMA09,
   author = {Amir Jamali},
   title = {Digital Templating and Preoperative Deformity Analysis with Standard Imaging Software},
   journal = {Clinical Orthopaedics and Related Research},
   publisher = {Springer New York},
   pages = {2695-2704},
   volume = {467},
   issue = {10},
   year = {2009}
}

@article {STEI10,
   author = { Ely Steinberg and 
   						Nadav Shasha and 
   						Aharon Menahem and 
   						Shmuel Dekel},
   title = {Preoperative planning of total hip replacement using the {T}rauma{C}ad system},
   journal = {Archives of Orthopaedic and Trauma Surgery},
   publisher = {Springer Berlin / Heidelberg },
   pages = {1429-1432},
   volume = {130},
   issue = {12},
   year = {2010}
}

@article {springerlink:10.1007/s00402-010-1046-y,
   author = {Steinberg, Ely and Shasha, Nadav and Menahem, Aharon and Dekel, Shmuel},
   affiliation = {Department of Orthopedic Surgery �B�, Tel-Aviv Sourasky Medical Center, Sackler Faculty of Medicine, Tel-Aviv University, 6 Weizmann St., Tel-Aviv, 64239 Israel},
   title = {{Preoperative planning of total hip replacement using the TraumaCad\trademark system}},
   journal = {Archives of Orthopaedic and Trauma Surgery},
   publisher = {Springer Berlin },
   issn = {0936-8051},
   keyword = {Medicine},
   pages = {1429-1432},
   volume = {130},
   issue = {12},
   url = {http://dx.doi.org/10.1007/s00402-010-1046-y},
   note = {10.1007/s00402-010-1046-y},
   year = {2010}
}

@Misc{REF_NET,
    howpublished = {Microsoft {.NET} Framework},
    type = {web page},
    url = {http://www.microsoft.com/net/},
    publisher = {Microsoft Corporation},
}

@Misc{REF_FREE,
    howpublished = {FreeImage},
    type = {web page},
    url = {http://freeimage.sourceforge.net},
    publisher = {FreeImage},
}

@Misc{REF_MYSQL,
    howpublished = {{MySQL}},
    type = {web page},
    url = {http://dev.mysql.com/},
    publisher = {Oracle Corporation},
}

@Misc{REF_CONNEC,
    howpublished = {{MySQL Connector for Microsoft .{NET}}},
    type = {web page},
    url = {http://dev.mysql.com/downloads/connector/net},
    publisher = {Oracle Corporation},
}

@MISC{website:inventor,
			howpublished = {Autodesk Inventor},
			type = {web page},
    	publisher = {Autodesk Incorporation},
      url = {http://usa.autodesk.com/}
}

@Misc{REF_SECTRA,
    howpublished = {Sectra Preoperative Planning Solution},
    type = {web page},
    url = {http://www.sectra.com/medical/ortho/},
    publisher = {Sectra Corporation}
}

@Misc{REF_AO,
   howpublished = {AO Corporation},
   type = {web page},
    url = {http://www.aofoundation.org},
    publisher = {AO Corporation}
}

@Misc{REF_TRAUMA,
    howpublished = {TraumaCAD},
    type = {web page},
    url = {http://www.orthocrat.com/},
    publisher = {OrthoCrat Ltd.},
}

@article {STRO01,
   author = {	Marco A. Strocchia and
   						Jes\'us Ram\'irez and
   						Emir Matos},
   title = {Incidencia de fracturas diafisiarias de f\'{e}mur a\~{n}o 2001: Hospital {D}r. {V}ictorino {S}antaella {R}. {L}os {T}eques},
   journal = {Revista venezolana de cirug\'{i}a ortop\'{e}dica y traumatolog\'{i}a},
   publisher = {Sociedad Venezolana de Cirug\'ia Ortop\'edica y Traumatolog\'ia},
   pages = {22-26},
   volume = {35},
   issue = {1},
   year = {2003}
}

@Misc{REF_HUC,
   howpublished = {Hospital Universitario de Caracas},
   type = {web page},
    url = {http://www.huc.gov.ve},
    publisher = {Ministerio del Poder Popular para la Salud}
}

@Misc{REF_MIC,
   howpublished = {Sistema Operativo Windows},
   type = {web page},
    url = {http://www.microsoft.com/windows/},
    publisher = {Microsoft Corporation}
}

@BOOK{WEB99,
   author = {Andrew Webb},
   title= {Statistical pattern recognition},
   publisher = {Arnold Publishers},
   year = {1999},
   pages = {353--354}
   }

 @inproceedings{RAM11,
    author = {Esmitt Ram\'{i}rez and Ernesto Coto},
 title = {Moving Least Squares method for implant model deformation in Computer Aided Orthopedic Surgery for fractures of lower extremities},
 booktitle = {SIACG 2011: Proceedings of the V Ibero-American Symposium in Computer Graphics},
 year = {2011},
 publisher = {(Por Presentar)}
 }
 
 @TechReport{RAM_TEC10,
  author =   {Esmitt Ram\'{i}rez},
  title =    {Calibraci\'on de Im\'agenes Radiogr\'aficas},
  institution =  {Universidad Central de Venezuela},
  year =     {2010},
  address =  {Caracas},
  number = {2010-2},
  month =    {Marzo}
}